<record><leader>00000cas a2200000 a 4500</leader><controlfield tag="001">10838655</controlfield><controlfield tag="008">840613d18501854vtuwr ne      0    0eng c</controlfield><datafield ind1=" " ind2=" " tag="010"><subfield code="a">sn 84023355 </subfield></datafield><datafield ind1=" " ind2=" " tag="040"><subfield code="a">AQM</subfield><subfield code="b">eng</subfield><subfield code="c">AQM</subfield><subfield code="d">NPX</subfield><subfield code="d">NPU</subfield><subfield code="d">NVN</subfield><subfield code="d">OCL</subfield><subfield code="d">OCLCQ</subfield><subfield code="d">OCLCF</subfield><subfield code="d">OCLCO</subfield></datafield><datafield ind1=" " ind2=" " tag="042"><subfield code="a">pcc</subfield></datafield><datafield ind1=" " ind2=" " tag="043"><subfield code="a">n-us-vt</subfield></datafield><datafield ind1="0" ind2="0" tag="245"><subfield code="a">Orleans County gazette.</subfield></datafield><datafield ind1="1" ind2="3" tag="246"><subfield code="a">Gazette</subfield></datafield><datafield ind1=" " ind2=" " tag="260"><subfield code="a">Irasburgh, Vt. :</subfield><subfield code="b">J.A. &amp; L.B. Jameson,</subfield><subfield code="c">1850-1854.</subfield></datafield><datafield ind1=" " ind2=" " tag="300"><subfield code="a">v. ;</subfield><subfield code="c">53-54 cm.</subfield></datafield><datafield ind1=" " ind2=" " tag="310"><subfield code="a">Weekly</subfield></datafield><datafield ind1="0" ind2=" " tag="362"><subfield code="a">Vol. 1, no. 1 (May 11, 1850)-v. 4, no. 52 (June 3, 1854) = whole no. 208.</subfield></datafield><datafield ind1=" " ind2=" " tag="500"><subfield code="a">Publisher: L.B. Jameson, 1851-1852.</subfield></datafield><datafield ind1=" " ind2=" " tag="500"><subfield code="a">"Whig." Cf. Hemenway, A.M. Vermont Historical Gazetteer, 1877.</subfield></datafield><datafield ind1=" " ind2=" " tag="500"><subfield code="a">Editors: J.A. Jameson, 1850-1852; L.B. Jameson, 1850-1852.</subfield></datafield><datafield ind1=" " ind2="0" tag="651"><subfield code="a">Irasburg (Vt.)</subfield><subfield code="v">Newspapers.</subfield></datafield><datafield ind1=" " ind2="0" tag="651"><subfield code="a">Orleans County (Vt.)</subfield><subfield code="v">Newspapers.</subfield></datafield><datafield ind1=" " ind2="0" tag="651"><subfield code="a">Vermont</subfield><subfield code="v">Newspapers.</subfield></datafield><datafield ind1=" " ind2="7" tag="655"><subfield code="a">Newspapers.</subfield><subfield code="2">fast</subfield><subfield code="0">(OCoLC)fst01423814</subfield></datafield><datafield ind1=" " ind2="7" tag="651"><subfield code="a">Vermont.</subfield><subfield code="2">fast</subfield><subfield code="0">(OCoLC)fst01204305</subfield></datafield><datafield ind1=" " ind2="7" tag="651"><subfield code="a">Vermont</subfield><subfield code="z">Irasburg.</subfield><subfield code="2">fast</subfield><subfield code="0">(OCoLC)fst01284511</subfield></datafield><datafield ind1=" " ind2="7" tag="651"><subfield code="a">Vermont</subfield><subfield code="z">Orleans County.</subfield><subfield code="2">fast</subfield><subfield code="0">(OCoLC)fst01232553</subfield></datafield><datafield ind1="1" ind2=" " tag="700"><subfield code="a">Jameson, John A.</subfield></datafield><datafield ind1="1" ind2=" " tag="700"><subfield code="a">Jameson, Leonard B.</subfield></datafield><datafield ind1=" " ind2=" " tag="752"><subfield code="a">United States</subfield><subfield code="b">Vermont</subfield><subfield code="c">Orleans</subfield><subfield code="d">Irasburg.</subfield></datafield><datafield ind1="0" ind2="0" tag="785"><subfield code="t">North union</subfield><subfield code="w">(DLC)sn 84023271</subfield><subfield code="w">(OCoLC)10853758</subfield></datafield></record>